% This file was created with JabRef 2.10b2.
% Encoding: UTF-8


@Misc{HMD,
  Title                    = {{{University of California, Berkeley (USA)}} and {Max Planck Institute for Demographic Research (Germany)}},

  Author                   = {{Human Mortality Database}},
  Note                     = {Available at www.mortality.org or www.humanmortality.de (data downloaded on July 10, 2014).},
  Year                     = {2015},

  Owner                    = {triffe},
  Timestamp                = {2014.07.10}
}

@Article{oeppen2002broken,
  Title                    = {Broken limits to life expectancy},
  Author                   = {Oeppen, Jim and Vaupel, James W and others},
  Journal                  = {Science},
  Year                     = {2002},
  Number                   = {5570},
  Pages                    = {1029--1031},
  Volume                   = {296},

  Owner                    = {tim},
  Timestamp                = {2015.09.22}
}

@Article{vallin2010esperance,
  Title                    = {Esp{\'e}rance de vie: peut-on gagner trois mois par an ind{\'e}finiment?},
  Author                   = {Vallin, J., and Mesl{\'e}, F.},
  Journal                  = {Population et soci{\'e}t{\'e}s},
  Year                     = {2010},
  Number                   = {473},
  Pages                    = {1--4},

  Owner                    = {tim},
  Publisher                = {Institut national d'{\'e}tudes d{\'e}mographiques},
  Timestamp                = {2015.09.22}
}

@Article{vallin2008minimum,
  Title                    = {Minimum Mortality: A Predictor of Future Progress?},
  Author                   = {Vallin, Jacques and Mesl{\'e}, France},
  Journal                  = {Population-E},
  Year                     = {2008},
  Number                   = {04},
  Pages                    = {557--590},
  Volume                   = {63},

  Owner                    = {tim},
  Publisher                = {Necplus},
  Timestamp                = {2015.09.22}
}

@Article{wunsch1975minimum,
  Title                    = {A minimum life-table for Europe},
  Author                   = {Wunsch, Guillaume},
  Journal                  = {European Demographic Information Bulletin},
  Year                     = {1975},
  Number                   = {1},
  Pages                    = {2--10},
  Volume                   = {5},

  Owner                    = {tim},
  Publisher                = {Springer},
  Timestamp                = {2015.09.22}
}

